<?xml version="1.0" encoding="UTF-8"?><collection xmlns="http://www.loc.gov/MARC21/slim"><record><leader>00480nam--2200145-i-4500</leader><controlfield tag="001">000048344</controlfield><controlfield tag="002">20161230</controlfield><controlfield tag="005">20170122113356</controlfield><controlfield tag="008">060222s1000------------r-----000-0-eng-d</controlfield><datafield ind1=" " ind2=" " tag="080"><subfield code="a">536.7:530.145</subfield></datafield><datafield ind1=" " ind2=" " tag="100"><subfield code="a">Zeise, H</subfield></datafield><datafield ind1=" " ind2=" " tag="245"><subfield code="a">Theormodynamik auf den grundlagen der quantentheorie, quantenstatistik un spektroscopie. Bd.3/1: Ergebnisse in tabellarischer und graphischer form. Tabellen</subfield></datafield><datafield ind1=" " ind2=" " tag="260"><subfield code="a">Leipzig</subfield><subfield code="b">Hirzel</subfield><subfield code="c">1944-1957</subfield></datafield><datafield ind1=" " ind2=" " tag="852"><subfield code="a">10920</subfield></datafield><datafield ind1=" " ind2=" " tag="CAT"><subfield code="a">SYS</subfield><subfield code="c">20170122</subfield><subfield code="h">113356</subfield></datafield></record></collection>